@ONLINE{styger_ble,
	Author =	{Erich Styger},
	title =		{{Tutorial: BLE Pairing the Raspberry Pi 3 Model B with Hexiwear}},
	year =		{2016},
	url =		{https://mcuoneclipse.com/2016/12/19/tutorial-ble-pairing-the-raspberry-pi-3-model-b-with-hexiwear/},
	urldate =	{2016-12-22}
}

@article{daq,
	author = {Nationales Forschungsprogramm 68 [NFP 68]},
	journal = {{Faktenblatt Nematoden}},
	title = {{Faktenblatt Nematoden}},
	year = {2015}
}

@book{ble_book,
	Address = {{Sebastopol}},
	Author = {Kevin Townsend and Carles Cufi and Akiba Davidson and Robert Davidson},
	Keywords = {computational logic, proactive agents, reasoning},
	Publisher = {{O'Railly Media}},
	Title = {Getting Started with Bluetooth Low Energy},
	Year = {2014}
}